@article{de1994glauber,
  title={Glauber evolution with Kac potentials. I. Mesoscopic and macroscopic limits, interface dynamics},
  author={De Masi, Anna and Orlandi, Enza and Presutti, Errico and Triolo, Livio},
  journal={Nonlinearity},
  volume={7},
  number={3},
  pages={633},
  year={1994},
  publisher={IOP Publishing}
}

@article{gillespie1977exact,
  title={Exact stochastic simulation of coupled chemical reactions},
  author={Gillespie, Daniel T},
  journal={The journal of physical chemistry},
  volume={81},
  number={25},
  pages={2340--2361},
  year={1977},
  publisher={ACS Publications}
}

@book{spohn2012large,
  title={Large scale dynamics of interacting particles},
  author={Spohn, Herbert},
  year={2012},
  publisher={Springer Science \& Business Media}
}

@book{kipnis2013scaling,
  title={Scaling limits of interacting particle systems},
  author={Kipnis, Claude and Landim, Claudio},
  volume={320},
  year={2013},
  publisher={Springer Science \& Business Media}
}

@article{sandier2004gamma,
  title={Gamma-convergence of gradient flows with applications to Ginzburg-Landau},
  author={Sandier, Etienne and Serfaty, Sylvia},
  journal={Communications on Pure and Applied Mathematics: A Journal Issued by the Courant Institute of Mathematical Sciences},
  volume={57},
  number={12},
  pages={1627--1672},
  year={2004},
  publisher={Wiley Online Library}
}

@book{pazy2012semigroups,
  title     = {Semigroups of linear operators and applications to partial differential equations},
  author    = {Pazy, Amnon},
  volume    = {44},
  year      = {2012},
  publisher = {Springer Science \& Business Media}
}s